@article { tbbmd461880,
	journal = {Türkiye Bilişim Vakfı Bilgisayar Bilimleri ve Mühendisliği Dergisi},
	issn = {1305-8991},
	eissn = {2618-5997},
	address = {},
	publisher = {Türkiye Bilişim Vakfı},
	year = {2019},
	volume = {12},
	pages = {19 - 29},
	doi = {},
	title = {RESTful Web Servisleri ve Android Kullanılarak Genel Bir Kullanıcı Doğrulama Sisteminin Arduino Mikrodenetleyici Kart ve RFID Teknolojisi ile Tasarımı ve Gerçekleştirimi},
	key = {cite},
	author = {Ardıç,  Canberk and Şen,  Mehmet Arif Emre and Karakoç,  Mehmet}
}

@article { ofcbas,
	journal = {26th International Congress on Educational Sciences},
	issn = {},
	eissn = {},
	address = {},
	publisher = {},
	year = {2017},
	volume = {},
	pages = {1459 - 1460},
	doi = {},
	title = {Outcome Focused Computer Based Assessment System using Intelligent Shuffling Algorithm},
	key = {cite},
	author = {Karkoç,  Mehmet and Aksoy,  Alperen and Şen,  Mehmet Arif Emre and Günay,  Melih}
}